@article{DeBruin2020,
author = {{De Bruin}, J and Voorvaart, R and Menger, V and Kocken, I and Phil, T},
doi = {10.5281/ZENODO.4278891},
keywords = {19,2,corona,coronavirus,cov,covid,dataset,nederland,netherlands,pandemic,rivm,sars,timeseries},
month = {nov},
title = {{Novel Coronavirus (COVID-19) Cases in The Netherlands}},
url = {https://doi.org/10.5281/zenodo.4278891#.YgudjQ0WQIs.mendeley},
year = {2020}
}
@misc{wiki:iso2, 
    author = "{Wikipedia contributors}", 
    title = "ISO 3166-2", 
    year = "2022",
    url = "https://en.wikipedia.org/wiki/ISO_3166-2",
    note = "[Online; accessed 15-February-2022]"
}
@misc{wiki:iso1, 
    author = "{Wikipedia contributors}", 
    title = "ISO 3166-1 alpha-2", 
    year = "2022",
    url = "https://en.wikipedia.org/wiki/ISO_3166-1_alpha-2",
    note = "[Online; accessed 15-February-2022]"
}